@InProceedings{SumItUp,
author={Tsaloli, Georgia
and Mitrokotsa, Aikaterini},
editor={Seo, Jae Hong},
title={Sum It Up: Verifiable Additive Homomorphic Secret Sharing},
booktitle={Information Security and Cryptology -- \text{ICISC} 2019},
year={2020},
publisher={Springer International Publishing},
address={Cham},
pages={115--132},
isbn={978-3-030-40921-0}
}

@Article{VAHSS,
AUTHOR = {Tsaloli, Georgia and Banegas, Gustavo and Mitrokotsa, Aikaterini},
TITLE = {Practical and Provably Secure Distributed Aggregation: Verifiable Additive Homomorphic Secret Sharing},
JOURNAL = {Cryptography},
VOLUME = {4},
YEAR = {2020},
NUMBER = {3},
ARTICLE-NUMBER = {25},
URL = {https://www.mdpi.com/2410-387X/4/3/25},
ISSN = {2410-387X},
DOI = {10.3390/cryptography4030025}
}


@article{DRYNX,
  author    = {David Froelicher and
               Juan Ram{\'{o}}n Troncoso{-}Pastoriza and
               Jo{\~{a}}o S{\'{a}} Sousa and
               Jean{-}Pierre Hubaux},
  title     = {Drynx: Decentralized, Secure, Verifiable System for Statistical Queries
               and Machine Learning on Distributed Datasets},
  journal   = {CoRR},
  volume    = {abs/1902.03785},
  year      = {2019},
  url       = {http://arxiv.org/abs/1902.03785},
  archivePrefix = {arXiv},
  eprint    = {1902.03785},
  timestamp = {Tue, 21 May 2019 18:03:39 +0200},
  biburl    = {https://dblp.org/rec/journals/corr/abs-1902-03785.bib},
  bibsource = {dblp computer science bibliography, https://dblp.org}
}

@InProceedings{RANGE-SET,
author="Camenisch, Jan
and Chaabouni, Rafik
and shelat, abhi",
editor="Pieprzyk, Josef",
title="Efficient Protocols for Set Membership and Range Proofs",
booktitle="Advances in Cryptology - ASIACRYPT 2008",
year="2008",
publisher="Springer Berlin Heidelberg",
address="Berlin, Heidelberg",
pages="234--252",
abstract="We consider the following problem: Given a commitment to a value $\sigma$, prove in zero-knowledge that $\sigma$ belongs to some discrete set $\Phi$. The set $\Phi$ can perhaps be a list of cities or clubs; often $\Phi$ can be a numerical range such as [1,220]. This problem arises in e-cash systems, anonymous credential systems, and various other practical uses of zero-knowledge protocols.",
isbn="978-3-540-89255-7"
}

@article{How_share_A_secret,
author = {Shamir, Adi},
title = {How to Share a Secret},
year = {1979},
issue_date = {Nov. 1979},
publisher = {Association for Computing Machinery},
address = {New York, NY, USA},
volume = {22},
number = {11},
issn = {0001-0782},
url = {https://doi.org/10.1145/359168.359176},
doi = {10.1145/359168.359176},
journal = {Commun. ACM},
month = nov,
pages = {612–613},
numpages = {2}, 
}

@article{OG_ZKP,
author = {Goldwasser, Shafi and Micali, Silvio and Rackoff, Charles},
title = {The Knowledge Complexity of Interactive Proof Systems},
journal = {SIAM Journal on Computing},
volume = {18},
number = {1},
pages = {186-208},
year = {1989},
doi = {10.1137/0218012},
URL = {https://doi.org/10.1137/0218012},
eprint = {https://doi.org/10.1137/0218012}
}

@InProceedings{VHSS,
author="Tsaloli, Georgia
and Liang, Bei
and Mitrokotsa, Aikaterini",
editor="Baek, Joonsang
and Susilo, Willy
and Kim, Jongkil",
title="Verifiable Homomorphic Secret Sharing",
booktitle="Provable Security",
year="2018",
publisher="Springer International Publishing",
address="Cham",
pages="40--55",
isbn="978-3-030-01446-9"
}

@INPROCEEDINGS{HHF,
  author={H. {Yao} and C. {Wang} and B. {Hai} and S. {Zhu}},
  booktitle={2018 Sixth International Conference on Advanced Cloud and Big Data (CBD)}, 
  title={Homomorphic Hash and Blockchain Based Authentication Key Exchange Protocol for Strangers}, 
  year={2018},
  volume={},
  number={},
  pages={243-248},
  doi={10.1109/CBD.2018.00051}}
  
 @InProceedings{pedersen,
author="Pedersen, Torben Pryds",
editor="Feigenbaum, Joan",
title="Non-Interactive and Information-Theoretic Secure Verifiable Secret Sharing",
booktitle="Advances in Cryptology --- CRYPTO '91",
year="1992",
publisher="Springer Berlin Heidelberg",
address="Berlin, Heidelberg",
pages="129--140",
isbn="978-3-540-46766-3"
}

@article{ZKRP_Morais,
author = {Eduardo Morais and Tommy Koens and Cees van Wijk and Aleksei Koren},
title = {A survey on zero knowledge range proofs and applications},
journal = {SN Applied Sciences },
number = {946},
year = {2019},
doi = {10.1007/s42452-019-0989-z},
url = { https://doi.org/10.1007/s42452-019-0989-z},
eprint = {https://doi.org/10.1007/s42452-019-0989-z}
}

@inproceedings{Fiat-Shamir,
author = {Bellare, Mihir and Rogaway, Phillip},
title = {Random Oracles Are Practical: A Paradigm for Designing Efficient Protocols},
year = {1993},
isbn = {0897916298},
publisher = {Association for Computing Machinery},
address = {New York, NY, USA},
url = {https://doi.org/10.1145/168588.168596},
doi = {10.1145/168588.168596}, 
booktitle = {Proceedings of the 1st ACM Conference on Computer and Communications Security},
pages = {62–73},
numpages = {12},
location = {Fairfax, Virginia, USA},
series = {CCS '93} 
}

@INPROCEEDINGS{bulletProofs_theory,
  author={B. {Bünz} and J. {Bootle} and D. {Boneh} and A. {Poelstra} and P. {Wuille} and G. {Maxwell}},
  booktitle={2018 IEEE Symposium on Security and Privacy (SP)}, 
  title={Bulletproofs: Short Proofs for Confidential Transactions and More}, 
  year={2018},
  volume={},
  number={},
  pages={315-334},
  doi={10.1109/SP.2018.00020}}
  
  
@InProceedings{arbitary_range_opt,
author="Chaabouni, Rafik
and Lipmaa, Helger
and Shelat, Abhi",
editor="Steinfeld, Ron
and Hawkes, Philip",
title="Additive Combinatorics and Discrete Logarithm Based Range Protocols",
booktitle="Information Security and Privacy",
year="2010",
publisher="Springer Berlin Heidelberg",
address="Berlin, Heidelberg",
pages="336--351",
isbn="978-3-642-14081-5"
}

@InProceedings{Fujisaki_Okamoto_commitment,
author="Fujisaki, Eiichiro
and Okamoto, Tatsuaki",
editor="Kaliski, Burton S.",
title="Statistical zero knowledge protocols to prove modular polynomial relations",
booktitle="Advances in Cryptology --- CRYPTO '97",
year="1997",
publisher="Springer Berlin Heidelberg",
address="Berlin, Heidelberg",
pages="16--30",
isbn="978-3-540-69528-8"
}

@InProceedings{remove_strong_RSA,
author="Couteau, Geoffroy
and Peters, Thomas
and Pointcheval, David",
editor="Coron, Jean-S{\'e}bastien
and Nielsen, Jesper Buus",
title="Removing the Strong RSA Assumption from Arguments over the Integers",
booktitle="Advances in Cryptology -- EUROCRYPT 2017",
year="2017",
publisher="Springer International Publishing",
address="Cham",
pages="321--350",
isbn="978-3-319-56614-6"
}
